<record><leader>00000cas a22000007a 4500</leader><controlfield tag="001">13459374</controlfield><controlfield tag="008">860421d18811884nvudn ne      0    0eng d</controlfield><datafield ind1=" " ind2=" " tag="010"><subfield code="a">sn 86076063 </subfield></datafield><datafield ind1=" " ind2=" " tag="040"><subfield code="a">NNX</subfield><subfield code="b">eng</subfield><subfield code="c">NNX</subfield><subfield code="d">OCLCQ</subfield></datafield><datafield ind1=" " ind2=" " tag="042"><subfield code="a">msc</subfield></datafield><datafield ind1="0" ind2=" " tag="130"><subfield code="a">Plaindealer (Reno, Nev. : 1881)</subfield></datafield><datafield ind1="1" ind2="4" tag="245"><subfield code="a">The Plaindealer.</subfield></datafield><datafield ind1="1" ind2="7" tag="246"><subfield code="a">Weekly plaindealer</subfield><subfield code="f">Mar. 28, 1881-May 28, 1881</subfield></datafield><datafield ind1=" " ind2=" " tag="260"><subfield code="a">Reno, Nev. :</subfield><subfield code="b">H.H. Hogan,</subfield><subfield code="c">1881-1884.</subfield></datafield><datafield ind1=" " ind2=" " tag="300"><subfield code="a">4 v.</subfield></datafield><datafield ind1=" " ind2=" " tag="310"><subfield code="a">Daily (except Mon.),</subfield><subfield code="b">Oct. 7, 1884-Nov. 22, 1884</subfield></datafield><datafield ind1=" " ind2=" " tag="321"><subfield code="a">Weekly,</subfield><subfield code="b">Mar. 28, 1881-Sept. 4, 1884</subfield></datafield><datafield ind1=" " ind2=" " tag="321"><subfield code="a">Semiweekly,</subfield><subfield code="b">Sept. 7, 1884-Oct. 2, 1884</subfield></datafield><datafield ind1="0" ind2=" " tag="362"><subfield code="a">Vol. 1, no. 1 (Mar. 28, 1881)-v. 4, no. 30 (Nov. 22, 1884).</subfield></datafield><datafield ind1=" " ind2=" " tag="500"><subfield code="a">"Greenback."</subfield></datafield><datafield ind1=" " ind2=" " tag="515"><subfield code="a">Suspended: Nov. 25, 1882-May 5, 1883.</subfield></datafield><datafield ind1=" " ind2=" " tag="515"><subfield code="a">Vol. 2, no. 35 misnumbered Vol. 2, no. 36.</subfield></datafield><datafield ind1=" " ind2=" " tag="752"><subfield code="a">United States</subfield><subfield code="b">Nevada</subfield><subfield code="c">Washoe</subfield><subfield code="d">Reno.</subfield></datafield><datafield ind1="0" ind2="0" tag="785"><subfield code="t">Plaindealer (Reno, Nev. : 1895)</subfield><subfield code="w">(DLC)sn 86076062</subfield><subfield code="w">(OCoLC)13459710</subfield></datafield></record>